2048 3105
805 155 896 85 § 1. Mia moglie e il mio naso

189 302 1509 75 vissuto senza mai cambiar di naso, sempre con quello,

189 375 1509 88 e con quelle sopracciglia e quelle orecchie, quelle

189 455 1512 78 mani e quelle gambe; e dovevo aspettare di prender

194 535 1305 75 moglie per aver conto che li avevo difettosi.

264 610 1437 78 — Uh che maraviglia! E non si sa, le mogli ? Fatte

191 685 1284 83 apposta per scoprire i difetti del marito. —

258 768 1445 75 Ecco, già — le mogli, non nego. Ma anch’io, se

196 848 1505 86 permettete, di quei tempi ero fatto per sprofondare,

191 923 1512 78 a ogni parola che mi fosse detta, o mosca che ve¬

191 998 1515 80 dessi volare, in abissi di riflessioni e considerazioni

191 1081 1515 75 che mi scavavano dentro e bucheravano giù per torto

196 1161 1510 75 e su per traverso lo spirito, come una tana di talpa;

191 1236 1054 78 senza che di fuori ne paresse nulla.

269 1317 1437 72 — Si vede, — voi dite, — che avevate molto tempo

191 1394 432 75 da perdere. —

264 1477 1444 72 No, ecco. Per l’animo in cui mi trovavo. Ma del resto

194 1549 1509 78 sì, anche per l’ozio, non nego. Ricco, due fidati amici,

194 1624 1509 83 Sebastiano Quantorzo e Stefano Firbo, badavano ai miei

194 1707 1509 78 affari dopo la morte di mio padre; il quale, per quanto

196 1787 1510 76 ci si fosse adoperato con le buone e con le cattive,

194 1865 1514 78 non era riuscito a farmi concludere mai nulla; tranne

196 1940 1510 78 di prender moglie, questo sì, giovanissimo; forse con

196 2026 1510 72 la speranza che almeno avessi presto un figliuolo che

196 2103 1507 75 non mi somigliasse punto; e, pover’uomo, neppur que¬

194 2186 978 70 sto aveva potuto ottenere da me.

261 2253 1445 78 Non già, badiamo, ch’io opponessi volontà a pren¬

194 2333 1512 78 dere la via per cui mio padre m’incamminava. Tutte

194 2414 1509 72 le prendevo. Ma camminarci, non ci camminavo. Mi

196 2502 1512 62 fermavo a ogni passo; mi mettevo prima alla lontana,

204 2566 1504 91 poi sempre più da vicino a girare attorno a ogni sas¬

1649 2696 46 82 5
