2047 3099
1062 142 630 80 § 2. E il vostro naso?

219 655 770 99 § 2. E il vostro naso ?

266 839 1434 75 Già subito mi figurai che tutti, avendone fatta mia

196 916 1504 86 moglie la scoperta, dovessero accorgersi di quei miei

199 994 1243 77 difetti corporali e altro non notare in me.

271 1074 1427 75 — Mi guardi il naso? — domandai tutt’ a un tratto

204 1151 1491 80 quel giorno stesso a un amico che mi s’era accostato

209 1224 1491 98 per parlarmi di non so che affare che forse gli stava

199 1314 253 70 a cuore.

279 1381 1028 78 — No, perchè? — mi disse quello.

266 1474 925 67 E io, sorridendo nervosamente:

268 1541 1174 75 — Mi pende verso destra, non vedi? —

266 1624 1437 72 E glielo imposi a una ferma e attenta osservazione,

201 1696 1502 78 come se quel difetto del mio naso fosse un irrepa¬

201 1779 1504 75 rabile guasto sopravvenuto al congegno dell’universo.

271 1856 1432 73 L’amico mi guardò in prima un po' stordito; poi,

201 1931 1504 75 certo sospettando che avessi così all’improvviso e

201 2006 1502 80 fuor di luogo cacciato fuori il discorso del mio naso

204 2086 1504 85 perchè non stimavo degno nè d’attenzione nè di ri¬

201 2161 1504 80 sposta l’affare di cui mi parlava, diede una spallata

206 2246 1499 75 e si mosse per lasciarmi in asso. Lo acchiappai per

204 2321 429 75 un braccio, e:

279 2396 1426 85 — No, sai. — gli dissi, — sono disposto a trattare

204 2479 1501 75 con te codest’ affare. Ma in questo momento tu devi

209 2556 271 75 scusarmi.

1656 2688 36 80 7
