2048 3167
337 126 481 77 LIBRO PRIMO

337 274 1544 74 solino che incontravo, e mi maravigliavo assai che

337 348 1544 95 gli altri potessero passarmi avanti senza fare alcun

337 432 1539 79 caso di quel sassolino che per me intanto aveva as¬

337 514 1542 77 sunto le proporzioni d’una montagna insormontabile,

337 588 1536 82 anzi d’un mondo in cui avrei potuto senz’ altro do¬

337 670 328 79 miciliarmi.

403 752 1470 76 Ero rimasto così, fermo ai primi passi di tante vie,

332 828 1544 87 con lo spirito pieno di mondi, o di sassolini, che fa

337 910 1536 77 lo stesso. Ma non mi pareva affatto che quelli che

332 1002 1541 72 m’erano passati avanti e avevano percorso tutta la

337 1074 1534 74 via, ne sapessero in sostanza più di me. M'erano pas¬

332 1148 1533 76 sati avanti, non si mette in dubbio, e tutti braveg¬

337 1224 1534 92 giando come tanti cavallini; ma poi, in fondo alla

337 1324 1534 61 via, avevano trovato un carro: il loro carro; vi erano

332 1388 1536 76 stati attaccati con molta pazienza, e ora se lo tira¬

337 1467 1531 76 vano dietro. Non tiravo nessun carro, io; e non avevo

335 1546 1533 79 perciò nè briglie nè paraocchi; vedevo certamente

340 1628 1467 84 più di loro; ma andare, non sapevo dove andare.

398 1702 1467 82 Ora, ritornando alla scoperta di quei lievi difetti,

332 1784 1533 76 sprofondai tutto, subito, nella riflessione che dunque

348 1868 1517 74 — possibile? — non conoscevo bene neppure il mio

335 1947 1528 77 stesso corpo, le cose mie che più intimamente m’ap¬

335 2021 1525 79 partenevano; il naso, le orecchie, le mani, le gambe.

337 2103 1338 76 E tornavo a guardarmele per rifarne l’esame.

398 2179 1462 77 Cominciò da questo il mio male. Quel male che

332 2256 1528 82 doveva ridurmi in breve in condizioni di spirito e di

332 2351 1528 66 corpo così misere e disperate che certo ne sarei morto

337 2438 1520 61 o impazzito, ove in esso medesimo non avessi trovato

337 2496 1389 87 (come dirò) il rimedio che doveva guarirmene.

329 2713 53 73 6
